%% This BibTeX bibliography file was created using BibDesk.
%% https://bibdesk.sourceforge.io/

%% Created for J. Michael Collins  at 2021-09-06 23:06:27 -0500 


%% Saved with string encoding Unicode (UTF-8) 

@techreport{ftc2016using,
  title={{Big Data: A Tool for Inclusion or Exclusion? Understanding the Issues (FTC Report)}},
  author={{Federal Trade Commission}},
  year={2016}
}

@techreport{ssa21,
	author = {{Office of the Chief Actuary}},
	date-added = {2021-09-06 22:26:38 -0500},
	date-modified = {2021-09-06 22:29:28 -0500},
	institution = {Social Security Administration},
	title = {{The 2021 OASDI Trustees Report}},
	type = {{\url{https://www.ssa.gov/oact/TR/2021/index.html}}},
	year = {2021}}

 
@article{dempsey2021lending,
	author = {Dempsey, Kyle and Ionescu, Felicia},
	date-added = {2021-09-06 17:48:22 -0500},
	date-modified = {2021-09-06 17:48:22 -0500},
	title = {Lending Standards and Borrowing Premia in Unsecured Credit Markets},
	year = {2021}}

@article{bhutta2016interest,
	author = {Bhutta, Neil and Keys, Benjamin J},
	date-added = {2021-09-06 17:47:34 -0500},
	date-modified = {2021-09-06 17:47:34 -0500},
	journal = {American Economic Review},
	number = {7},
	pages = {1742--74},
	title = {Interest rates and equity extraction during the housing boom},
	volume = {106},
	year = {2016}}

@article{lee2010introduction,
	author = {Lee, Donghoon and Van der Klaauw, Wilbert},
	date-added = {2021-09-06 17:43:00 -0500},
	date-modified = {2021-09-06 17:43:36 -0500},
	journal = {{FRB of New York Staff Report}},
	number = {479},
	title = {{An introduction to the FRBNY consumer credit panel}},
	year = {2010}}

@article{brown2015impact,
	author = {Brown, Meta and Stein, Sarah and Zafar, Basit},
	date-added = {2021-09-06 17:40:54 -0500},
	date-modified = {2021-09-06 17:40:54 -0500},
	journal = {Journal of Money, Credit and Banking},
	number = {S1},
	pages = {175--213},
	publisher = {Wiley Online Library},
	title = {The impact of housing markets on consumer debt: credit report evidence from 1999 to 2012},
	volume = {47},
	year = {2015}}

@article{li2020impact,
	author = {Li, Kangli and Foutz, Natasha Zhang and Cai, Yuxin and Liang, Yunlei and Gao, Song},
	date-added = {2021-09-06 17:35:07 -0500},
	date-modified = {2021-09-06 17:35:07 -0500},
	journal = {Available at SSRN 3681629},
	title = {{The Impact of COVID-19 Lockdowns and Stimulus Payments on Spending of US Lower-income Consumers}},
	year = {2020}}

@techreport{equifax,
	author = {Equifax},
	date-added = {2021-08-26 08:31:24 -0500},
	date-modified = {2021-08-26 08:31:56 -0500},
	institution = {Equifax},
	number = {\url{https://assets.equifax.com/assets/usis/originations-consumer-credit-report-aug-2021.pdf}},
	title = {US National Consumer Credit Trends Report: Originations as of May 2021},
	year = {2021}}

@article{cutts2020musings,
	author = {Cutts, AC},
	date-added = {2021-08-26 08:31:01 -0500},
	date-modified = {2021-08-26 08:31:01 -0500},
	title = {Musings on the {COVID-19} Recession \& Highlights from {Equifax Credit Trends}{\textregistered}},
	year = {2020}}

@inproceedings{collins2015role,
	author = {Collins, J Michael and Edwards, Kathryn and Schmeiser, Maximilian},
	booktitle = {FDIC 5th Annual Consumer Research Symposium},
	date-added = {2021-08-26 08:29:02 -0500},
	date-modified = {2021-08-26 08:29:02 -0500},
	pages = {15--16},
	title = {The role of credit cards for unemployed households in the great recession},
	year = {2015}}

@techreport{braxton2020can,
	author = {Braxton, J Carter and Herkenhoff, Kyle F and Phillips, Gordon M},
	date-added = {2021-08-26 08:28:20 -0500},
	date-modified = {2021-08-26 08:28:20 -0500},
	institution = {National Bureau of Economic Research},
	title = {Can the unemployed borrow? implications for public insurance},
	year = {2020}}

@article{farrell2020consumption,
	author = {Farrell, Diana and Ganong, Peter and Greig, Fiona and Liebeskind, Max and Noel, Pascal and Vavra, Joseph},
	date-added = {2021-08-26 08:23:16 -0500},
	date-modified = {2021-08-26 08:23:16 -0500},
	journal = {Available at SSRN 3654274},
	title = {Consumption effects of unemployment insurance during the {COVID-19} pandemic},
	year = {2020}}

@book{chetty2020did,
	author = {Chetty, Raj and Friedman, John N and Hendren, Nathaniel and Stepner, Michael and The Opportunity Insights Team},
	date-added = {2021-08-26 08:22:57 -0500},
	date-modified = {2021-08-26 08:22:57 -0500},
	publisher = {National Bureau of Economic Research Cambridge, MA},
	title = {How did {COVID-19} and stabilization policies affect spending and employment? A new real-time economic tracker based on private sector data},
	year = {2020}}

@techreport{casado2020aggregate,
	author = {Casado, Miguel Garza and Glennon, Britta and Lane, Julia and McQuown, David and Rich, Daniel and Weinberg, Bruce A},
	date-added = {2021-08-26 08:22:12 -0500},
	date-modified = {2021-08-26 08:22:12 -0500},
	institution = {National Bureau of Economic Research},
	title = {The Aggregate Effects of Fiscal Stimulus: Evidence from the {COVID-19} Unemployment Supplement},
	year = {2020}}

@techreport{cfpb2020,
	author = {{Consumer Financial Protection Bureau (CFPB)}},
	date-added = {2021-08-26 08:16:16 -0500},
	date-modified = {2021-08-26 08:48:31 -0500},
	institution = {CFPB Office of Research Special Issue Brief},
	title = {The Early Effects of the {COVID-19} Pandemic on Consumer Credit},
	year = {2020}}

@article{haurin2019debt,
	author = {Haurin, Donald and Loibl, C{\"a}zilia and Moulton, Stephanie},
	date-added = {2021-08-17 23:41:35 -0500},
	date-modified = {2021-08-17 23:41:35 -0500},
	journal = {Ann Arbor: Michigan Retirement and Disability Research Center, University of Michigan},
	title = {Debt Stress and Mortgage Borrowing in Older Age: Implications for Economic Security in Retirement},
	year = {2019}}

@article{collins2013assets,
	author = {Collins, J Michael and Scholz, John Karl and Seshadri, Ananth},
	date-added = {2021-08-17 23:39:47 -0500},
	date-modified = {2021-08-17 23:39:47 -0500},
	journal = {Michigan Retirement Research Center Research Paper},
	number = {2013-296},
	title = {The Assets and Liabilities of Cohorts: The Antecedents of Retirement Security},
	year = {2013}}

@misc{trawinski2013assets,
	author = {Trawinski, Lori A},
	date-added = {2021-08-17 23:38:54 -0500},
	date-modified = {2021-08-17 23:38:54 -0500},
	publisher = {AARP Public Policy Institute Research Report (Washington, DC: AARP, 2013)},
	title = {Assets and Debt across Generations: The Middle-Class Balance Sheet 1989--2010},
	year = {2013}}

@article{gerardi2021racial,
	author = {Gerardi, Kristopher S and Lambie-Hanson, Lauren and Willen, Paul S and others},
	date-added = {2021-08-17 23:35:31 -0500},
	date-modified = {2021-08-17 23:35:31 -0500},
	journal = {FRB of Philadelphia Payment Cards Center Discussion Paper},
	number = {21-2},
	title = {Racial Differences in Mortgage Refinancing, Distress, and Housing Wealth Accumulation during {COVID-19}},
	year = {2021}}

@article{schneider2020household,
	author = {Schneider, Daniel and Tufano, Peter and Lusardi, Annamaria},
	date-added = {2021-08-17 23:34:20 -0500},
	date-modified = {2021-08-17 23:34:20 -0500},
	journal = {GFLEC WP},
	title = {Household Financial Fragility during {COVID-19}: Rising Inequality and Unemployment Insurance Benefit Reductions},
	volume = {4},
	year = {2020}}

@article{loibl2020role,
	author = {Loibl, C{\"a}zilia and Moulton, Stephanie and Haurin, Donald and Edmunds, Chrisse},
	date-added = {2021-08-17 23:29:32 -0500},
	date-modified = {2021-08-17 23:29:32 -0500},
	journal = {Aging \& Mental Health},
	pages = {1--14},
	publisher = {Taylor \& Francis},
	title = {The role of consumer and mortgage debt for financial stress},
	year = {2020}}

@article{mudrazija2020financial,
	author = {Mudrazija, Stipica and Butrica, Barbara},
	date-added = {2021-08-17 23:28:46 -0500},
	date-modified = {2021-08-17 23:28:46 -0500},
	journal = {Innovation in Aging},
	number = {Suppl 1},
	pages = {685},
	publisher = {Oxford University Press},
	title = {Financial Security at Older Ages},
	volume = {4},
	year = {2020}}

@incollection{brown2020risk,
	author = {Brown, Jason and Dynan, Karen and Figinski, Theodore},
	booktitle = {Remaking Retirement},
	date-added = {2021-08-17 23:27:24 -0500},
	date-modified = {2021-08-17 23:27:24 -0500},
	pages = {60--86},
	publisher = {Oxford University Press},
	title = {The risk of financial hardship in retirement: A cohort analysis},
	year = {2020}}

@article{lusardi2020,
	author = {Lusardi, Annamaria and Mitchell, Olivia S and Oggero, Noemi},
	date-added = {2021-08-17 23:25:02 -0500},
	date-modified = {2021-08-17 23:25:26 -0500},
	journal = {Journal of Money, Credit and Banking},
	number = {5},
	pages = {1005--1034},
	publisher = {Wiley Online Library},
	title = {Debt and financial vulnerability on the verge of retirement},
	volume = {52},
	year = {2020}}

@techreport{quinby2021older,
	author = {Quinby, Laura D and Matthew S. Rutledge and Gal Wettstein},
	date-added = {2021-08-17 23:21:50 -0500},
	date-modified = {2021-08-17 23:23:14 -0500},
	institution = {Center for Retirement Research at Boston College},
	journal = {Retirement and Disability Research Consortium},
	title = {How Has {COVID-19} Affected the Labor Force Participation of Older Workers?},
	year = {2021}}

@article{moen2020disparate,
	author = {Moen, Phyllis and Pedtke, Joseph H and Flood, Sarah},
	date-added = {2021-08-17 23:20:29 -0500},
	date-modified = {2021-08-17 23:20:29 -0500},
	journal = {Work, Aging and Retirement},
	number = {4},
	pages = {207--228},
	publisher = {Oxford University Press US},
	title = {Disparate disruptions: Intersectional {COVID-19} employment effects by age, gender, education, and race/ethnicity},
	volume = {6},
	year = {2020}}

@techreport{goda2021impact,
	author = {Goda, Gopi Shah and Jackson, Emilie and Nicholas, Lauren Hersch and Stith, Sarah See},
	date-added = {2021-08-17 23:19:17 -0500},
	date-modified = {2021-08-17 23:19:17 -0500},
	institution = {National Bureau of Economic Research},
	title = {The Impact of {COVID-19} on Older Workers' Employment and Social Security Spillovers},
	year = {2021}}

@article{moulton2020federally,
	author = {Moulton, Stephanie and Haurin, Donald and Dodini, Samuel and Schmeiser, Maximilian D},
	date-added = {2021-07-27 17:11:11 -0500},
	date-modified = {2021-07-27 17:11:11 -0500},
	journal = {Journal of Consumer Affairs},
	number = {4},
	pages = {1298--1327},
	publisher = {Wiley Online Library},
	title = {How federally insured reverse mortgages affect the credit outcomes of older adults},
	volume = {54},
	year = {2020}}

@techreport{haughwout2020us,
	author = {Haughwout, Andrew F and Lee, Donghoon and Scally, Joelle and Van der Klaauw, Wilbert and others},
	date-added = {2021-07-27 17:09:41 -0500},
	date-modified = {2021-07-27 17:09:41 -0500},
	institution = {Federal Reserve Bank of New York},
	title = {US Consumer Debt Payments and Credit Buffers on the Eve of {COVID-19}},
	year = {2020}}

@article{dewaard2019internal,
	author = {DeWaard, Jack and Johnson, Janna and Whitaker, Stephan},
	date-added = {2021-07-27 17:08:48 -0500},
	date-modified = {2021-07-27 17:08:48 -0500},
	journal = {Demographic research},
	pages = {953},
	publisher = {NIH Public Access},
	title = {Internal migration in the United States: A comprehensive comparative assessment of the Consumer Credit Panel},
	volume = {41},
	year = {2019}}

@article{andersen2020consumer,
	author = {Andersen, Asger Lau and Hansen, Emil Toft and Johannesen, Niels and Sheridan, Adam},
	date-added = {2021-07-27 17:01:32 -0500},
	date-modified = {2021-07-27 17:01:32 -0500},
	journal = {Available at SSRN 3609814},
	title = {Consumer responses to the {COVID-19} crisis: Evidence from bank account transaction data},
	year = {2020}}

@article{andersen2020pandemic,
	author = {Andersen, Asger Lau and Hansen, Emil Toft and Johannesen, Niels and Sheridan, Adam},
	date-added = {2021-07-27 17:01:15 -0500},
	date-modified = {2021-07-27 17:01:15 -0500},
	journal = {arXiv preprint arXiv:2005.04630},
	title = {Pandemic, shutdown and consumer spending: Lessons from Scandinavian policy responses to {COVID-19}},
	year = {2020}}

@article{carvalho2020tracking,
	author = {Carvalho, Vasco M and Hansen, Stephen and Ortiz, Alvaro and Garcia, Juan Ramon and Rodrigo, Tomasa and Rodriguez Mora, Sevi and Ruiz de Aguirre, Pep},
	date-added = {2021-07-27 17:00:58 -0500},
	date-modified = {2021-07-27 17:00:58 -0500},
	publisher = {CEPR Discussion Paper No. DP14642},
	title = {Tracking the {COVID-19} crisis with high-resolution transaction data},
	year = {2020}}

@techreport{cherry2021government,
	author = {Cherry, Susan F and Jiang, Erica Xuewei and Matvos, Gregor and Piskorski, Tomasz and Seru, Amit},
	date-added = {2021-07-27 17:00:42 -0500},
	date-modified = {2021-07-27 17:00:42 -0500},
	institution = {National Bureau of Economic Research},
	title = {Government and private household debt relief during {COVID-19}},
	year = {2021}}

@article{dettling2021default,
	author = {Dettling, Lisa J and Lambie-Hanson, Lauren},
	date-added = {2021-07-27 17:00:21 -0500},
	date-modified = {2021-07-27 17:00:21 -0500},
	journal = {FEDS Notes},
	number = {2021-03},
	pages = {04--2},
	title = {Why is the Default Rate So Low? How Economic Conditions and Public Policies Have Shaped Mortgage and Auto Delinquencies During the {COVID-19} Pandemic},
	year = {2021}}

@article{grantz2020use,
	author = {Grantz, Kyra H and Meredith, Hannah R and Cummings, Derek AT and Metcalf, C Jessica E and Grenfell, Bryan T and Giles, John R and Mehta, Shruti and Solomon, Sunil and Labrique, Alain and Kishore, Nishant and others},
	date-added = {2021-07-27 17:00:02 -0500},
	date-modified = {2021-07-27 17:00:02 -0500},
	journal = {Nature communications},
	number = {1},
	pages = {1--8},
	publisher = {Nature Publishing Group},
	title = {The use of mobile phone data to inform analysis of {COVID-19} pandemic epidemiology},
	volume = {11},
	year = {2020}}

@article{stavins2021unprepared,
	author = {Stavins, Joanna},
	date-added = {2021-07-27 16:59:48 -0500},
	date-modified = {2021-07-27 16:59:48 -0500},
	journal = {Contemporary Economic Policy},
	number = {1},
	pages = {59--82},
	publisher = {Wiley Online Library},
	title = {Unprepared for financial shocks: Emergency savings and credit card debt},
	volume = {39},
	year = {2021}}

@article{bhutta2020covid,
	author = {Bhutta, Neil and Blair, Jacqueline and Dettling, Lisa and Moore, Kevin},
	date-added = {2021-07-27 16:59:33 -0500},
	date-modified = {2021-08-26 08:20:58 -0500},
	journal = {National Tax Journal},
	number = {3},
	pages = {645--672},
	publisher = {The University of Chicago Press},
	title = {{COVID-19, the CARD Act, and Family Financial Security}},
	volume = {73},
	year = {2020}}

@article{enriquez2020covid,
	author = {Enriquez, Diana and Goldstein, Adam},
	date-added = {2021-07-27 16:59:16 -0500},
	date-modified = {2021-07-27 16:59:16 -0500},
	journal = {Socius},
	pages = {2378023120970794},
	publisher = {SAGE Publications Sage CA: Los Angeles, CA},
	title = {{COVID-19's Socioeconomic Impact on Low-Income Benefit Recipients: Early Evidence from Tracking Surveys}},
	volume = {6},
	year = {2020}}

@article{findling2021serious,
	author = {Findling, Mary G and Blendon, Robert J and Benson, John M},
	date-added = {2021-07-27 16:58:59 -0500},
	date-modified = {2021-07-27 16:58:59 -0500},
	journal = {Challenge},
	number = {1},
	pages = {3--10},
	publisher = {Taylor \& Francis},
	title = {Serious Financial Burdens Facing US Households with Employment Loss During {COVID-19}},
	volume = {64},
	year = {2021}}

@techreport{lusardi2020understanding,
	author = {Lusardi, Annamaria and Mitchell, Olivia S and Oggero, Noemi},
	date-added = {2021-07-27 16:58:41 -0500},
	date-modified = {2021-07-27 16:58:41 -0500},
	institution = {National Bureau of Economic Research},
	title = {Understanding Debt in the Older Population},
	year = {2020}}

@inproceedings{clark2021financial,
	author = {Clark, Robert L and Lusardi, Annamaria and Mitchell, Olivia S},
	booktitle = {AEA Papers and Proceedings},
	date-added = {2021-07-27 16:58:25 -0500},
	date-modified = {2021-07-27 16:58:25 -0500},
	pages = {292--96},
	title = {Financial fragility during the {COVID-19} Pandemic},
	volume = {111},
	year = {2021}}

@article{horvath2021covid,
	author = {Horvath, Akos and Kay, Benjamin S and Wix, Carlo},
	date-added = {2021-07-27 16:58:02 -0500},
	date-modified = {2021-07-27 16:58:02 -0500},
	journal = {Available at SSRN 3613408},
	title = {The {COVID-19} shock and consumer credit: Evidence from credit card data},
	year = {2021}}

@article{adams2020inequality,
	author = {Adams-Prassl, Abi and Boneva, Teodora and Golin, Marta and Rauh, Christopher},
	date-added = {2021-07-27 16:57:39 -0500},
	date-modified = {2021-07-27 16:57:39 -0500},
	journal = {Journal of Public Economics},
	pages = {104245},
	publisher = {Elsevier},
	title = {Inequality in the impact of the coronavirus shock: Evidence from real time surveys},
	volume = {189},
	year = {2020}}

@techreport{cheng2020back,
	author = {Cheng, Wei and Carlin, Patrick and Carroll, Joanna and Gupta, Sumedha and Rojas, Felipe Lozano and Montenovo, Laura and Nguyen, Thuy D and Schmutte, Ian M and Scrivner, Olga and Simon, Kosali I and others},
	date-added = {2021-07-27 16:57:12 -0500},
	date-modified = {2021-07-27 16:57:12 -0500},
	institution = {National Bureau of Economic Research},
	title = {Back to business and (re) employing workers? Labor market activity during state {COVID-19} reopenings},
	year = {2020}}

@article{baker2020does,
	author = {Baker, Scott R and Farrokhnia, Robert A and Meyer, Steffen and Pagel, Michaela and Yannelis, Constantine},
	date-added = {2021-07-27 16:56:50 -0500},
	date-modified = {2021-07-27 16:56:50 -0500},
	journal = {The Review of Asset Pricing Studies},
	number = {4},
	pages = {834--862},
	publisher = {Oxford University Press},
	title = {How does household spending respond to an epidemic? Consumption during the 2020 {COVID-19} pandemic},
	volume = {10},
	year = {2020}}

@techreport{butricarising,
	author = {Butrica, Barbara A and Karamcheva, Nadia S},
  year={2020},
  publisher={IZA Discussion Paper},
	title = {Is Rising Household Debt Affecting Retirement Decisions?}}

@book{lusardi20186,
	author = {Lusardi, Annamaria and Mitchell, Olivia S},
	date-added = {2021-07-27 16:55:19 -0500},
	date-modified = {2021-08-08 07:40:24 -0700},
	publisher = {University of Chicago Press},
	title = {Older Women's Labor Market Attachment, Retirement Planning, and Household Debt},
	year = {2018}}

@article{lusardi2020debt,
	author = {Lusardi, Annamaria and Mitchell, Olivia S and Oggero, Noemi},
	date-added = {2021-07-27 16:54:53 -0500},
	date-modified = {2021-07-27 16:54:53 -0500},
	title = {Debt close to retirement and its implications for retirement well-being},
	year = {2020}}

@article{moulton2019debt,
	author = {Moulton, Stephanie and Haurin, Donald and Loibl, Caezilia},
	date-added = {2021-07-27 16:54:03 -0500},
	date-modified = {2021-07-27 16:54:03 -0500},
	journal = {Economic Inquiry},
	number = {1},
	pages = {201--214},
	title = {Debt Stress and Mortgage Borrowing in Older Age: Implications for Economic Security in Retirement},
	volume = {54},
	year = {2019}}

@article{collins2020exploring,
	author = {Collins, J Michael and Hembre, Erik and Urban, Carly},
	date-added = {2021-07-27 16:53:35 -0500},
	date-modified = {2021-07-27 16:53:35 -0500},
	journal = {Regional Science and Urban Economics},
	pages = {103524},
	publisher = {Elsevier},
	title = {Exploring the rise of mortgage borrowing among older Americans},
	volume = {83},
	year = {2020}}

@incollection{brown2020graying,
	author = {Brown, Meta and Lee, Donghoon and Scally, Joelle and van der Klaauw, Wilbert},
	booktitle = {Remaking Retirement},
	date-added = {2021-07-27 16:53:07 -0500},
	date-modified = {2021-07-27 16:53:07 -0500},
	pages = {35--59},
	publisher = {Oxford University Press},
	title = {The Graying of American debt},
	year = {2020}}
